%YAML 1.1
%TAG !u! tag:unity3d.com,2011:
--- !u!1 &3534796931701458936
GameObject:
  m_ObjectHideFlags: 0
  m_CorrespondingSourceObject: {fileID: 0}
  m_PrefabInstance: {fileID: 0}
  m_PrefabAsset: {fileID: 0}
  serializedVersion: 6
  m_Component:
  - component: {fileID: 1194509526373552336}
  m_Layer: 0
  m_Name: WheatCluster
  m_TagString: Untagged
  m_Icon: {fileID: 0}
  m_NavMeshLayer: 0
  m_StaticEditorFlags: 0
  m_IsActive: 1
--- !u!4 &1194509526373552336
Transform:
  m_ObjectHideFlags: 0
  m_CorrespondingSourceObject: {fileID: 0}
  m_PrefabInstance: {fileID: 0}
  m_PrefabAsset: {fileID: 0}
  m_GameObject: {fileID: 3534796931701458936}
  m_LocalRotation: {x: 0, y: 0, z: 0, w: 1}
  m_LocalPosition: {x: 0.079, y: 0, z: 0.021}
  m_LocalScale: {x: 1, y: 1, z: 1}
  m_ConstrainProportionsScale: 0
  m_Children:
  - {fileID: 5924922010704235803}
  - {fileID: 4703677840691552568}
  - {fileID: 405767707083011613}
  m_Father: {fileID: 0}
  m_RootOrder: 0
  m_LocalEulerAnglesHint: {x: 0, y: 0, z: 0}
--- !u!1001 &156265792638063094
PrefabInstance:
  m_ObjectHideFlags: 0
  serializedVersion: 2
  m_Modification:
    m_TransformParent: {fileID: 1194509526373552336}
    m_Modifications:
    - target: {fileID: -8679921383154817045, guid: 227cb528108622b42aa8142df52081ab, type: 3}
      propertyPath: m_RootOrder
      value: 2
      objectReference: {fileID: 0}
    - target: {fileID: -8679921383154817045, guid: 227cb528108622b42aa8142df52081ab, type: 3}
      propertyPath: m_LocalPosition.x
      value: -0.176
      objectReference: {fileID: 0}
    - target: {fileID: -8679921383154817045, guid: 227cb528108622b42aa8142df52081ab, type: 3}
      propertyPath: m_LocalPosition.y
      value: 0
      objectReference: {fileID: 0}
    - target: {fileID: -8679921383154817045, guid: 227cb528108622b42aa8142df52081ab, type: 3}
      propertyPath: m_LocalPosition.z
      value: 0.245
      objectReference: {fileID: 0}
    - target: {fileID: -8679921383154817045, guid: 227cb528108622b42aa8142df52081ab, type: 3}
      propertyPath: m_LocalRotation.w
      value: 0.9418649
      objectReference: {fileID: 0}
    - target: {fileID: -8679921383154817045, guid: 227cb528108622b42aa8142df52081ab, type: 3}
      propertyPath: m_LocalRotation.x
      value: -0
      objectReference: {fileID: 0}
    - target: {fileID: -8679921383154817045, guid: 227cb528108622b42aa8142df52081ab, type: 3}
      propertyPath: m_LocalRotation.y
      value: -0.33599183
      objectReference: {fileID: 0}
    - target: {fileID: -8679921383154817045, guid: 227cb528108622b42aa8142df52081ab, type: 3}
      propertyPath: m_LocalRotation.z
      value: -0
      objectReference: {fileID: 0}
    - target: {fileID: -8679921383154817045, guid: 227cb528108622b42aa8142df52081ab, type: 3}
      propertyPath: m_LocalEulerAnglesHint.x
      value: 0
      objectReference: {fileID: 0}
    - target: {fileID: -8679921383154817045, guid: 227cb528108622b42aa8142df52081ab, type: 3}
      propertyPath: m_LocalEulerAnglesHint.y
      value: -39.266
      objectReference: {fileID: 0}
    - target: {fileID: -8679921383154817045, guid: 227cb528108622b42aa8142df52081ab, type: 3}
      propertyPath: m_LocalEulerAnglesHint.z
      value: 0
      objectReference: {fileID: 0}
    - target: {fileID: 919132149155446097, guid: 227cb528108622b42aa8142df52081ab, type: 3}
      propertyPath: m_Name
      value: wheat1
      objectReference: {fileID: 0}
    m_RemovedComponents: []
  m_SourcePrefab: {fileID: 100100000, guid: 227cb528108622b42aa8142df52081ab, type: 3}
--- !u!4 &405767707083011613 stripped
Transform:
  m_CorrespondingSourceObject: {fileID: -8679921383154817045, guid: 227cb528108622b42aa8142df52081ab, type: 3}
  m_PrefabInstance: {fileID: 156265792638063094}
  m_PrefabAsset: {fileID: 0}
--- !u!1001 &5101570599419283155
PrefabInstance:
  m_ObjectHideFlags: 0
  serializedVersion: 2
  m_Modification:
    m_TransformParent: {fileID: 1194509526373552336}
    m_Modifications:
    - target: {fileID: -8679921383154817045, guid: 5cba6488c8198934891f2546113993bf, type: 3}
      propertyPath: m_RootOrder
      value: 1
      objectReference: {fileID: 0}
    - target: {fileID: -8679921383154817045, guid: 5cba6488c8198934891f2546113993bf, type: 3}
      propertyPath: m_LocalPosition.x
      value: -0.382
      objectReference: {fileID: 0}
    - target: {fileID: -8679921383154817045, guid: 5cba6488c8198934891f2546113993bf, type: 3}
      propertyPath: m_LocalPosition.y
      value: 0
      objectReference: {fileID: 0}
    - target: {fileID: -8679921383154817045, guid: 5cba6488c8198934891f2546113993bf, type: 3}
      propertyPath: m_LocalPosition.z
      value: -0.148
      objectReference: {fileID: 0}
    - target: {fileID: -8679921383154817045, guid: 5cba6488c8198934891f2546113993bf, type: 3}
      propertyPath: m_LocalRotation.w
      value: 0.9418649
      objectReference: {fileID: 0}
    - target: {fileID: -8679921383154817045, guid: 5cba6488c8198934891f2546113993bf, type: 3}
      propertyPath: m_LocalRotation.x
      value: -0
      objectReference: {fileID: 0}
    - target: {fileID: -8679921383154817045, guid: 5cba6488c8198934891f2546113993bf, type: 3}
      propertyPath: m_LocalRotation.y
      value: -0.33599183
      objectReference: {fileID: 0}
    - target: {fileID: -8679921383154817045, guid: 5cba6488c8198934891f2546113993bf, type: 3}
      propertyPath: m_LocalRotation.z
      value: -0
      objectReference: {fileID: 0}
    - target: {fileID: -8679921383154817045, guid: 5cba6488c8198934891f2546113993bf, type: 3}
      propertyPath: m_LocalEulerAnglesHint.x
      value: 0
      objectReference: {fileID: 0}
    - target: {fileID: -8679921383154817045, guid: 5cba6488c8198934891f2546113993bf, type: 3}
      propertyPath: m_LocalEulerAnglesHint.y
      value: -39.266
      objectReference: {fileID: 0}
    - target: {fileID: -8679921383154817045, guid: 5cba6488c8198934891f2546113993bf, type: 3}
      propertyPath: m_LocalEulerAnglesHint.z
      value: 0
      objectReference: {fileID: 0}
    - target: {fileID: 919132149155446097, guid: 5cba6488c8198934891f2546113993bf, type: 3}
      propertyPath: m_Name
      value: wheat2
      objectReference: {fileID: 0}
    m_RemovedComponents: []
  m_SourcePrefab: {fileID: 100100000, guid: 5cba6488c8198934891f2546113993bf, type: 3}
--- !u!4 &4703677840691552568 stripped
Transform:
  m_CorrespondingSourceObject: {fileID: -8679921383154817045, guid: 5cba6488c8198934891f2546113993bf, type: 3}
  m_PrefabInstance: {fileID: 5101570599419283155}
  m_PrefabAsset: {fileID: 0}
--- !u!1001 &6175337032917068528
PrefabInstance:
  m_ObjectHideFlags: 0
  serializedVersion: 2
  m_Modification:
    m_TransformParent: {fileID: 1194509526373552336}
    m_Modifications:
    - target: {fileID: -8679921383154817045, guid: 5cba6488c8198934891f2546113993bf, type: 3}
      propertyPath: m_RootOrder
      value: 0
      objectReference: {fileID: 0}
    - target: {fileID: -8679921383154817045, guid: 5cba6488c8198934891f2546113993bf, type: 3}
      propertyPath: m_LocalPosition.x
      value: 0.063
      objectReference: {fileID: 0}
    - target: {fileID: -8679921383154817045, guid: 5cba6488c8198934891f2546113993bf, type: 3}
      propertyPath: m_LocalPosition.y
      value: 0
      objectReference: {fileID: 0}
    - target: {fileID: -8679921383154817045, guid: 5cba6488c8198934891f2546113993bf, type: 3}
      propertyPath: m_LocalPosition.z
      value: -0.046
      objectReference: {fileID: 0}
    - target: {fileID: -8679921383154817045, guid: 5cba6488c8198934891f2546113993bf, type: 3}
      propertyPath: m_LocalRotation.w
      value: 0.98895437
      objectReference: {fileID: 0}
    - target: {fileID: -8679921383154817045, guid: 5cba6488c8198934891f2546113993bf, type: 3}
      propertyPath: m_LocalRotation.x
      value: -0
      objectReference: {fileID: 0}
    - target: {fileID: -8679921383154817045, guid: 5cba6488c8198934891f2546113993bf, type: 3}
      propertyPath: m_LocalRotation.y
      value: 0.14822048
      objectReference: {fileID: 0}
    - target: {fileID: -8679921383154817045, guid: 5cba6488c8198934891f2546113993bf, type: 3}
      propertyPath: m_LocalRotation.z
      value: -0
      objectReference: {fileID: 0}
    - target: {fileID: -8679921383154817045, guid: 5cba6488c8198934891f2546113993bf, type: 3}
      propertyPath: m_LocalEulerAnglesHint.x
      value: 0
      objectReference: {fileID: 0}
    - target: {fileID: -8679921383154817045, guid: 5cba6488c8198934891f2546113993bf, type: 3}
      propertyPath: m_LocalEulerAnglesHint.y
      value: 17.048
      objectReference: {fileID: 0}
    - target: {fileID: -8679921383154817045, guid: 5cba6488c8198934891f2546113993bf, type: 3}
      propertyPath: m_LocalEulerAnglesHint.z
      value: 0
      objectReference: {fileID: 0}
    - target: {fileID: 919132149155446097, guid: 5cba6488c8198934891f2546113993bf, type: 3}
      propertyPath: m_Name
      value: wheat2 (1)
      objectReference: {fileID: 0}
    m_RemovedComponents: []
  m_SourcePrefab: {fileID: 100100000, guid: 5cba6488c8198934891f2546113993bf, type: 3}
--- !u!4 &5924922010704235803 stripped
Transform:
  m_CorrespondingSourceObject: {fileID: -8679921383154817045, guid: 5cba6488c8198934891f2546113993bf, type: 3}
  m_PrefabInstance: {fileID: 6175337032917068528}
  m_PrefabAsset: {fileID: 0}
